@article{vincent2014sparse,
  title={Sparse group lasso and high dimensional multinomial classification},
  author={Vincent, Martin and Hansen, Niels Richard},
  journal={Computational Statistics \& Data Analysis},
  volume={71},
  pages={771--786},
  year={2014},
  publisher={Elsevier}
}

@article{liquet2017mbsgs,
  title={MBSGS: multivariate Bayesian sparse group selection with spike and slab},
  author={Liquet, B and Sutton, M},
  journal={R package version},
  volume={1},
  number={0},
  year={2017}
}